@INPROCEEDINGS{7926870,
  author={Wu, Lijun and Meng, Kun and Xu, Shuo and Li, Shuqin and Ding, Meng and Suo, Yanfeng},
  booktitle={2017 IEEE International Conference on Energy Internet (ICEI)}, 
  title={Democratic Centralism: A Hybrid Blockchain Architecture and Its Applications in Energy Internet}, 
  year={2017},
  volume={},
  number={},
  pages={176-181},
  keywords={Distributed databases;Internet;Peer-to-peer computing;Cryptography;Hybrid power systems;Online banking;energy internet;hybrid blockchain;decentralized data storage},
  doi={10.1109/ICEI.2017.38}}
